<record xmlns='http://www.loc.gov/MARC21/slim'><leader>01423cim a22003372u 4500</leader><controlfield tag='001'>3600428</controlfield><controlfield tag='005'>20151214182559.0</controlfield><controlfield tag='007'>ss|lmnjluz|nuu</controlfield><controlfield tag='008'>991101s1987    nyunnn         l    eng d</controlfield><datafield ind1=' ' ind2=' ' tag='035'><subfield code='a'>(NIC)notisASF7493</subfield></datafield><datafield ind1=' ' ind2=' ' tag='035'><subfield code='a'>3600428</subfield></datafield><datafield ind1=' ' ind2=' ' tag='035'><subfield code='a'>(OCoLC)63896039</subfield></datafield><datafield ind1=' ' ind2=' ' tag='040'><subfield code='a'>NIC</subfield><subfield code='c'>NIC</subfield><subfield code='d'>NIC</subfield><subfield code='d'>NIC</subfield></datafield><datafield ind1='1' ind2=' ' tag='100'><subfield code='a'>Weizsäcker, Carl Friedrich,</subfield><subfield code='c'>Freiherr von,</subfield><subfield code='d'>1912-2007.</subfield></datafield><datafield ind1='1' ind2='0' tag='245'><subfield code='a'>Political and moral consequences of science</subfield><subfield code='h'>[sound recording]</subfield></datafield><datafield ind1=' ' ind2=' ' tag='260'><subfield code='c'>1987.</subfield></datafield><datafield ind1=' ' ind2=' ' tag='300'><subfield code='a'>1 sound cassette (80 min.) :</subfield><subfield code='b'>analog, mono.</subfield></datafield><datafield ind1=' ' ind2=' ' tag='500'><subfield code='a'>Recorded in Ithaca, NY by Cornell University.</subfield></datafield><datafield ind1=' ' ind2=' ' tag='500'><subfield code='a'>Sponsored by: Western Societies Program.</subfield></datafield><datafield ind1=' ' ind2=' ' tag='500'><subfield code='a'>Speaker(s): Professor of physics and philosophy, Universities of Munich and Hamburg.</subfield></datafield><datafield ind1=' ' ind2=' ' tag='518'><subfield code='a'>Lecture, November 20, 1987.</subfield></datafield><datafield ind1=' ' ind2=' ' tag='520'><subfield code='a'>Weizsacker holds that scientists should feel responsible for the social, political and ecological consequences of modern science and technology and should act accordingly.</subfield></datafield><datafield ind1=' ' ind2='0' tag='650'><subfield code='a'>Science</subfield><subfield code='x'>Social aspects.</subfield></datafield><datafield ind1=' ' ind2='0' tag='650'><subfield code='a'>Science</subfield><subfield code='x'>Moral and ethical aspects.</subfield></datafield><datafield ind1=' ' ind2='7' tag='650'><subfield code='a'>Science</subfield><subfield code='x'>Moral and ethical aspects</subfield><subfield code='2'>fast</subfield><subfield code='0'>(OCoLC)fst01108321</subfield></datafield><datafield ind1=' ' ind2='7' tag='650'><subfield code='a'>Science</subfield><subfield code='x'>Social aspects</subfield><subfield code='2'>fast</subfield><subfield code='0'>(OCoLC)fst01108360</subfield></datafield><datafield ind1=' ' ind2='0' tag='830'><subfield code='a'>Philosophical and political consequences of modern science.</subfield></datafield><datafield ind1=' ' ind2='0' tag='830'><subfield code='a'>Messenger lectures.</subfield></datafield><datafield ind1='1' ind2=' ' tag='899'><subfield code='a'>CULectures</subfield></datafield><datafield ind1=' ' ind2=' ' tag='905'><subfield code='a'>20000403120000.0</subfield></datafield><datafield ind1='2' ind2=' ' tag='948'><subfield code='a'>20141221</subfield><subfield code='b'>m</subfield><subfield code='d'>batch</subfield><subfield code='e'>lts</subfield><subfield code='x'>addfast</subfield></datafield></record>